@online{Intel_Embree,
    author = "Intel",
    title = "Embree Overview",
    url  = "https://github.com/embree/embree"
}
@online{Bounding_volume_hierarchy,
    author    = "Wiki",
    title     = "Bounding volume hierarchy",
    url       = "https://en.wikipedia.org/wiki/",
    addendum = "(accessed: 06.10.2019)",
}

@book{python1,
    title = {A Python Book: Beginning Python, Advanced Python, and Python Exercises},
    author = { Kuhlman, Dave},
    year = {2012}
}